<?xml version="1.0" encoding="UTF-8"?><collection xmlns="http://www.loc.gov/MARC21/slim"><record><leader>00346nam--2200121-i-4500</leader><controlfield tag="001">000001908</controlfield><controlfield tag="002">20161230</controlfield><controlfield tag="005">20161230201024</controlfield><controlfield tag="008">060222s1000------------r-----000-0-eng-d</controlfield><datafield ind1=" " ind2=" " tag="100"><subfield code="a">Estrin, H.A., Van Houten, R.W</subfield></datafield><datafield ind1=" " ind2=" " tag="245"><subfield code="a">Higher education in engineering and science</subfield></datafield><datafield ind1=" " ind2=" " tag="260"><subfield code="a">New York, Mcgraw-hill Book Co.Inc., 1963. Xv + 548 P</subfield></datafield><datafield ind1=" " ind2=" " tag="852"><subfield code="a">18672</subfield></datafield></record></collection>